<record><leader>00000cas a22000007a 4500</leader><controlfield tag="001">10405601</controlfield><controlfield tag="008">840211d18381840nyuwr ne      0   b0eng d</controlfield><datafield ind1=" " ind2=" " tag="010"><subfield code="a">sn 84026324 </subfield></datafield><datafield ind1=" " ind2=" " tag="040"><subfield code="a">NPU</subfield><subfield code="b">eng</subfield><subfield code="c">NPU</subfield><subfield code="d">NPX</subfield><subfield code="d">DLC</subfield><subfield code="d">NPA</subfield><subfield code="d">NSD</subfield><subfield code="d">NYS</subfield><subfield code="d">OCL</subfield><subfield code="d">OCLCG</subfield><subfield code="d">OCLCQ</subfield><subfield code="d">CRL</subfield><subfield code="d">OCLCF</subfield><subfield code="d">OCLCO</subfield><subfield code="d">AQM</subfield><subfield code="d">NLC</subfield></datafield><datafield ind1=" " ind2=" " tag="016"><subfield code="a">(AMICUS)000009900888</subfield></datafield><datafield ind1="0" ind2=" " tag="022"><subfield code="a">1052-6382</subfield><subfield code="l">1052-6382</subfield><subfield code="2">1</subfield></datafield><datafield ind1="1" ind2=" " tag="029"><subfield code="a">AU@</subfield><subfield code="b">000025841311</subfield></datafield><datafield ind1=" " ind2=" " tag="042"><subfield code="a">msc</subfield><subfield code="a">nsdp</subfield></datafield><datafield ind1="0" ind2="0" tag="050"><subfield code="a">Newspaper 8829-X</subfield></datafield><datafield ind1="1" ind2="0" tag="082"><subfield code="a">071</subfield><subfield code="2">11</subfield></datafield><datafield ind1="0" ind2=" " tag="210"><subfield code="a">Mackenzie's gaz.</subfield></datafield><datafield ind1=" " ind2="0" tag="222"><subfield code="a">Mackenzie's gazette</subfield></datafield><datafield ind1="0" ind2="0" tag="245"><subfield code="a">Mackenzie's gazette.</subfield></datafield><datafield ind1="1" ind2="3" tag="246"><subfield code="a">Last gazette</subfield></datafield><datafield ind1="1" ind2="3" tag="246"><subfield code="a">Mackenzie's last gazette</subfield></datafield><datafield ind1="1" ind2="7" tag="246"><subfield code="a">Mackenzie's British, Irish, and Canadian gazette</subfield><subfield code="f">&lt;1838&gt;</subfield></datafield><datafield ind1="1" ind2="7" tag="246"><subfield code="a">Mackenzie's European and Canadian gazette</subfield><subfield code="f">&lt;1839&gt;</subfield></datafield><datafield ind1=" " ind2=" " tag="260"><subfield code="a">New York, N.Y. :</subfield><subfield code="b">Peter Baxter,</subfield><subfield code="c">1838-1840.</subfield></datafield><datafield ind1=" " ind2=" " tag="300"><subfield code="a">3 v. :</subfield><subfield code="b">ill. ;</subfield><subfield code="c">51 cm.</subfield></datafield><datafield ind1=" " ind2=" " tag="310"><subfield code="a">Weekly</subfield></datafield><datafield ind1="0" ind2=" " tag="362"><subfield code="a">Vol. 1, no. 1 (May 12, 1838)-v. 3, no. 115 (Dec. 23, 1840).</subfield></datafield><datafield ind1=" " ind2=" " tag="500"><subfield code="a">Published as: Mackenzie's last gazette, Dec. 23, 1840.</subfield></datafield><datafield ind1=" " ind2=" " tag="500"><subfield code="a">Published at Rochester, N.Y., 1839-1840.</subfield></datafield><datafield ind1=" " ind2=" " tag="515"><subfield code="a">Suspended with Jan. 26, 1839 issue; resumed with Mar. 2, 1839 issue.</subfield></datafield><datafield ind1=" " ind2=" " tag="500"><subfield code="a">Editor: William L. Mackenzie, 1838-1840.</subfield></datafield><datafield ind1=" " ind2="0" tag="651"><subfield code="a">New York (N.Y.)</subfield><subfield code="v">Newspapers.</subfield></datafield><datafield ind1=" " ind2="0" tag="651"><subfield code="a">Rochester (N.Y.)</subfield><subfield code="v">Newspapers.</subfield></datafield><datafield ind1=" " ind2="7" tag="651"><subfield code="a">New York (State)</subfield><subfield code="z">New York.</subfield><subfield code="2">fast</subfield><subfield code="0">(OCoLC)fst01204333</subfield></datafield><datafield ind1=" " ind2="7" tag="651"><subfield code="a">New York (State)</subfield><subfield code="z">Rochester.</subfield><subfield code="2">fast</subfield><subfield code="0">(OCoLC)fst01204680</subfield></datafield><datafield ind1=" " ind2="7" tag="655"><subfield code="a">Newspapers.</subfield><subfield code="2">fast</subfield><subfield code="0">(OCoLC)fst01423814</subfield></datafield><datafield ind1=" " ind2="4" tag="655"><subfield code="a">Ethnic newspapers.</subfield></datafield><datafield ind1="1" ind2=" " tag="700"><subfield code="a">Mackenzie, William Lyon,</subfield><subfield code="d">1795-1861.</subfield></datafield><datafield ind1=" " ind2=" " tag="752"><subfield code="a">United States</subfield><subfield code="b">New York</subfield><subfield code="c">New York</subfield><subfield code="d">New York.</subfield></datafield><datafield ind1=" " ind2=" " tag="752"><subfield code="a">United States</subfield><subfield code="b">New York</subfield><subfield code="c">Monroe</subfield><subfield code="d">Rochester.</subfield></datafield></record>